<?xml version="1.0" encoding="UTF-8"?>
<collection xmlns="http://www.loc.gov/MARC21/slim">
   <record>
      <leader>00000nz  a2200000nc 4500</leader>
      <controlfield tag="001">institutions/51003708</controlfield>
      <controlfield tag="003">DE-633</controlfield>
      <controlfield tag="005">20250620052252.0</controlfield>
      <controlfield tag="008">200123||||z|||a|||||||||||||||||n||||||d</controlfield>
      <datafield tag="024" ind1="7" ind2=" ">
         <subfield code="a">EC-Lbca</subfield>
         <subfield code="q">siglum</subfield>
         <subfield code="2">rism</subfield>
      </datafield>
      <datafield tag="034" ind1="1" ind2=" ">
         <subfield code="d">-79.201963</subfield>
         <subfield code="f">-3.975231</subfield>
      </datafield>
      <datafield tag="040" ind1=" " ind2=" ">
         <subfield code="a">DE-633</subfield>
         <subfield code="c">DE-633</subfield>
         <subfield code="e">rismg</subfield>
      </datafield>
      <datafield tag="110" ind1="1" ind2=" ">
         <subfield code="a">Biblioteca del Colegio de Artes Salvador Bustamante Celi</subfield>
         <subfield code="c">Loja</subfield>
         <subfield code="g">EC-Lbca</subfield>
      </datafield>
      <datafield tag="368" ind1=" " ind2=" ">
         <subfield code="a">Institution</subfield>
         <subfield code="a">Library</subfield>
      </datafield>
      <datafield tag="371" ind1=" " ind2=" ">
         <subfield code="a">Ave. Orillas del Río Zamora</subfield>
         <subfield code="b">Loja</subfield>
         <subfield code="d">Ecuador</subfield>
         <subfield code="z">tel: +593 / 7 / 261-3505</subfield>
      </datafield>
      <datafield tag="410" ind1=" " ind2=" ">
         <subfield code="a">Library of the "Salvador Bustamante Celi" Arts School</subfield>
      </datafield>
      <datafield tag="551" ind1="1" ind2=" ">
         <subfield code="a">Loja</subfield>
         <subfield code="0">places/50004321</subfield>
      </datafield>
   </record>