
   <record>
      <leader>00000nz  a2200000nc 4500</leader>
      <controlfield tag="001">institutions/51003924</controlfield>
      <controlfield tag="003">DE-633</controlfield>
      <controlfield tag="005">20250620052253.0</controlfield>
      <controlfield tag="008">200506||||z|||a|||||||||||||||||n||||||d</controlfield>
      <datafield tag="024" ind1="7" ind2=" ">
         <subfield code="a">EC-Qah</subfield>
         <subfield code="q">siglum</subfield>
         <subfield code="2">rism</subfield>
      </datafield>
      <datafield tag="034" ind1="1" ind2=" ">
         <subfield code="d">-78.494818</subfield>
         <subfield code="f">-0.206745</subfield>
      </datafield>
      <datafield tag="040" ind1=" " ind2=" ">
         <subfield code="a">DE-633</subfield>
         <subfield code="c">DE-633</subfield>
         <subfield code="e">rismg</subfield>
      </datafield>
      <datafield tag="043" ind1=" " ind2=" ">
         <subfield code="c">XD-EC</subfield>
      </datafield>
      <datafield tag="110" ind1="1" ind2=" ">
         <subfield code="a">Archivo Histórico del Ministerio de Cultura y Patrimonio</subfield>
         <subfield code="c">Quito</subfield>
         <subfield code="g">EC-Qah</subfield>
      </datafield>
      <datafield tag="368" ind1=" " ind2=" ">
         <subfield code="a">Institution</subfield>
         <subfield code="a">Library</subfield>
         <subfield code="a">Archive</subfield>
      </datafield>
      <datafield tag="371" ind1=" " ind2=" ">
         <subfield code="a">Mariscal Sucre</subfield>
         <subfield code="b">Quito 170143</subfield>
         <subfield code="d">Ecuador</subfield>
         <subfield code="u">https://www.culturaypatrimonio.gob.ec/archivo/</subfield>
      </datafield>
      <datafield tag="410" ind1=" " ind2=" ">
         <subfield code="a">Historical Archive of the Ministry of Culture and Heritage, National Government of Ecuador</subfield>
      </datafield>
      <datafield tag="551" ind1="1" ind2=" ">
         <subfield code="a">Quito</subfield>
         <subfield code="0">places/3905267</subfield>
      </datafield>
   </record>